%YAML 1.1
%TAG !u! tag:unity3d.com,2011:
--- !u!1 &1137006111069640
GameObject:
  m_ObjectHideFlags: 0
  m_CorrespondingSourceObject: {fileID: 0}
  m_PrefabInstance: {fileID: 0}
  m_PrefabAsset: {fileID: 0}
  serializedVersion: 6
  m_Component:
  - component: {fileID: 224168770256058078}
  - component: {fileID: 222843999364195808}
  - component: {fileID: 114519796442854444}
  m_Layer: 5
  m_Name: ImageIconoCloudLabs
  m_TagString: Untagged
  m_Icon: {fileID: 0}
  m_NavMeshLayer: 0
  m_StaticEditorFlags: 0
  m_IsActive: 1
--- !u!224 &224168770256058078
RectTransform:
  m_ObjectHideFlags: 0
  m_CorrespondingSourceObject: {fileID: 0}
  m_PrefabInstance: {fileID: 0}
  m_PrefabAsset: {fileID: 0}
  m_GameObject: {fileID: 1137006111069640}
  m_LocalRotation: {x: -0, y: -0, z: -0, w: 1}
  m_LocalPosition: {x: 0, y: 0, z: 0}
  m_LocalScale: {x: 1, y: 1, z: 1}
  m_Children: []
  m_Father: {fileID: 224814754808577410}
  m_RootOrder: 0
  m_LocalEulerAnglesHint: {x: 0, y: 0, z: 0}
  m_AnchorMin: {x: 1, y: 0.5}
  m_AnchorMax: {x: 1, y: 0.5}
  m_AnchoredPosition: {x: -150, y: 0}
  m_SizeDelta: {x: 196, y: 77}
  m_Pivot: {x: 0.5, y: 0.5}
--- !u!222 &222843999364195808
CanvasRenderer:
  m_ObjectHideFlags: 0
  m_CorrespondingSourceObject: {fileID: 0}
  m_PrefabInstance: {fileID: 0}
  m_PrefabAsset: {fileID: 0}
  m_GameObject: {fileID: 1137006111069640}
  m_CullTransparentMesh: 0
--- !u!114 &114519796442854444
MonoBehaviour:
  m_ObjectHideFlags: 0
  m_CorrespondingSourceObject: {fileID: 0}
  m_PrefabInstance: {fileID: 0}
  m_PrefabAsset: {fileID: 0}
  m_GameObject: {fileID: 1137006111069640}
  m_Enabled: 1
  m_EditorHideFlags: 0
  m_Script: {fileID: -765806418, guid: f70555f144d8491a825f0804e09c671c, type: 3}
  m_Name: 
  m_EditorClassIdentifier: 
  m_Material: {fileID: 0}
  m_Color: {r: 1, g: 1, b: 1, a: 1}
  m_RaycastTarget: 0
  m_OnCullStateChanged:
    m_PersistentCalls:
      m_Calls: []
    m_TypeName: UnityEngine.UI.MaskableGraphic+CullStateChangedEvent, UnityEngine.UI,
      Version=1.0.0.0, Culture=neutral, PublicKeyToken=null
  m_Sprite: {fileID: 21300054, guid: 1411ad9b2451db34cbde2d7367324aab, type: 3}
  m_Type: 0
  m_PreserveAspect: 0
  m_FillCenter: 1
  m_FillMethod: 4
  m_FillAmount: 1
  m_FillClockwise: 1
  m_FillOrigin: 0
  m_UseSpriteMesh: 0
--- !u!1 &1704569715740664
GameObject:
  m_ObjectHideFlags: 0
  m_CorrespondingSourceObject: {fileID: 0}
  m_PrefabInstance: {fileID: 0}
  m_PrefabAsset: {fileID: 0}
  serializedVersion: 6
  m_Component:
  - component: {fileID: 224309598949049010}
  - component: {fileID: 222495696840859418}
  - component: {fileID: 114148828760848496}
  m_Layer: 5
  m_Name: ImageFondoTexto
  m_TagString: Untagged
  m_Icon: {fileID: 0}
  m_NavMeshLayer: 0
  m_StaticEditorFlags: 0
  m_IsActive: 1
--- !u!224 &224309598949049010
RectTransform:
  m_ObjectHideFlags: 0
  m_CorrespondingSourceObject: {fileID: 0}
  m_PrefabInstance: {fileID: 0}
  m_PrefabAsset: {fileID: 0}
  m_GameObject: {fileID: 1704569715740664}
  m_LocalRotation: {x: -0, y: -0, z: -0, w: 1}
  m_LocalPosition: {x: 0, y: 0, z: 0}
  m_LocalScale: {x: 1.0000051, y: 1.0000051, z: 1.0000051}
  m_Children:
  - {fileID: 571678018021991184}
  m_Father: {fileID: 224071649390340410}
  m_RootOrder: 1
  m_LocalEulerAnglesHint: {x: 0, y: 0, z: 0}
  m_AnchorMin: {x: 0.05, y: 0.075}
  m_AnchorMax: {x: 0.95, y: 0.8}
  m_AnchoredPosition: {x: 0, y: 0}
  m_SizeDelta: {x: 0, y: 0}
  m_Pivot: {x: 0.5, y: 0.5}
--- !u!222 &222495696840859418
CanvasRenderer:
  m_ObjectHideFlags: 0
  m_CorrespondingSourceObject: {fileID: 0}
  m_PrefabInstance: {fileID: 0}
  m_PrefabAsset: {fileID: 0}
  m_GameObject: {fileID: 1704569715740664}
  m_CullTransparentMesh: 0
--- !u!114 &114148828760848496
MonoBehaviour:
  m_ObjectHideFlags: 0
  m_CorrespondingSourceObject: {fileID: 0}
  m_PrefabInstance: {fileID: 0}
  m_PrefabAsset: {fileID: 0}
  m_GameObject: {fileID: 1704569715740664}
  m_Enabled: 1
  m_EditorHideFlags: 0
  m_Script: {fileID: -765806418, guid: f70555f144d8491a825f0804e09c671c, type: 3}
  m_Name: 
  m_EditorClassIdentifier: 
  m_Material: {fileID: 0}
  m_Color: {r: 1, g: 1, b: 1, a: 1}
  m_RaycastTarget: 0
  m_OnCullStateChanged:
    m_PersistentCalls:
      m_Calls: []
    m_TypeName: UnityEngine.UI.MaskableGraphic+CullStateChangedEvent, UnityEngine.UI,
      Version=1.0.0.0, Culture=neutral, PublicKeyToken=null
  m_Sprite: {fileID: 21300128, guid: 1411ad9b2451db34cbde2d7367324aab, type: 3}
  m_Type: 1
  m_PreserveAspect: 0
  m_FillCenter: 1
  m_FillMethod: 4
  m_FillAmount: 1
  m_FillClockwise: 1
  m_FillOrigin: 0
  m_UseSpriteMesh: 0
--- !u!1 &1801952194035198
GameObject:
  m_ObjectHideFlags: 0
  m_CorrespondingSourceObject: {fileID: 0}
  m_PrefabInstance: {fileID: 0}
  m_PrefabAsset: {fileID: 0}
  serializedVersion: 6
  m_Component:
  - component: {fileID: 224814754808577410}
  - component: {fileID: 222686341054162864}
  - component: {fileID: 114006628180541920}
  m_Layer: 5
  m_Name: ImageCabecera
  m_TagString: Untagged
  m_Icon: {fileID: 0}
  m_NavMeshLayer: 0
  m_StaticEditorFlags: 0
  m_IsActive: 1
--- !u!224 &224814754808577410
RectTransform:
  m_ObjectHideFlags: 0
  m_CorrespondingSourceObject: {fileID: 0}
  m_PrefabInstance: {fileID: 0}
  m_PrefabAsset: {fileID: 0}
  m_GameObject: {fileID: 1801952194035198}
  m_LocalRotation: {x: -0, y: -0, z: -0, w: 1}
  m_LocalPosition: {x: 0, y: 0, z: 0}
  m_LocalScale: {x: 1.0000051, y: 1.0000051, z: 1.0000051}
  m_Children:
  - {fileID: 224168770256058078}
  m_Father: {fileID: 224071649390340410}
  m_RootOrder: 0
  m_LocalEulerAnglesHint: {x: 0, y: 0, z: 0}
  m_AnchorMin: {x: -0.025, y: 0.98}
  m_AnchorMax: {x: 0.94, y: 0.98}
  m_AnchoredPosition: {x: 0, y: 0}
  m_SizeDelta: {x: 0, y: 114}
  m_Pivot: {x: 0.5, y: 0.5}
--- !u!222 &222686341054162864
CanvasRenderer:
  m_ObjectHideFlags: 0
  m_CorrespondingSourceObject: {fileID: 0}
  m_PrefabInstance: {fileID: 0}
  m_PrefabAsset: {fileID: 0}
  m_GameObject: {fileID: 1801952194035198}
  m_CullTransparentMesh: 0
--- !u!114 &114006628180541920
MonoBehaviour:
  m_ObjectHideFlags: 0
  m_CorrespondingSourceObject: {fileID: 0}
  m_PrefabInstance: {fileID: 0}
  m_PrefabAsset: {fileID: 0}
  m_GameObject: {fileID: 1801952194035198}
  m_Enabled: 1
  m_EditorHideFlags: 0
  m_Script: {fileID: -765806418, guid: f70555f144d8491a825f0804e09c671c, type: 3}
  m_Name: 
  m_EditorClassIdentifier: 
  m_Material: {fileID: 0}
  m_Color: {r: 1, g: 1, b: 1, a: 1}
  m_RaycastTarget: 0
  m_OnCullStateChanged:
    m_PersistentCalls:
      m_Calls: []
    m_TypeName: UnityEngine.UI.MaskableGraphic+CullStateChangedEvent, UnityEngine.UI,
      Version=1.0.0.0, Culture=neutral, PublicKeyToken=null
  m_Sprite: {fileID: 21300126, guid: 1411ad9b2451db34cbde2d7367324aab, type: 3}
  m_Type: 1
  m_PreserveAspect: 0
  m_FillCenter: 1
  m_FillMethod: 4
  m_FillAmount: 1
  m_FillClockwise: 1
  m_FillOrigin: 0
  m_UseSpriteMesh: 0
--- !u!1 &1959391339473206
GameObject:
  m_ObjectHideFlags: 0
  m_CorrespondingSourceObject: {fileID: 0}
  m_PrefabInstance: {fileID: 0}
  m_PrefabAsset: {fileID: 0}
  serializedVersion: 6
  m_Component:
  - component: {fileID: 224071649390340410}
  - component: {fileID: 114492750404582748}
  - component: {fileID: 222241159621281486}
  - component: {fileID: 114714614253460776}
  m_Layer: 5
  m_Name: PanelBoxMessageMini
  m_TagString: Untagged
  m_Icon: {fileID: 0}
  m_NavMeshLayer: 0
  m_StaticEditorFlags: 0
  m_IsActive: 1
--- !u!224 &224071649390340410
RectTransform:
  m_ObjectHideFlags: 0
  m_CorrespondingSourceObject: {fileID: 0}
  m_PrefabInstance: {fileID: 0}
  m_PrefabAsset: {fileID: 0}
  m_GameObject: {fileID: 1959391339473206}
  m_LocalRotation: {x: 0, y: 0, z: 0, w: 1}
  m_LocalPosition: {x: 0, y: 0, z: 0}
  m_LocalScale: {x: 1, y: 1, z: 1}
  m_Children:
  - {fileID: 224814754808577410}
  - {fileID: 224309598949049010}
  m_Father: {fileID: 0}
  m_RootOrder: 0
  m_LocalEulerAnglesHint: {x: 0, y: 0, z: 0}
  m_AnchorMin: {x: 0.5, y: 0.5}
  m_AnchorMax: {x: 0.5, y: 0.5}
  m_AnchoredPosition: {x: 0, y: 0}
  m_SizeDelta: {x: 1200, y: 400}
  m_Pivot: {x: 0.5, y: 0.5}
--- !u!114 &114492750404582748
MonoBehaviour:
  m_ObjectHideFlags: 0
  m_CorrespondingSourceObject: {fileID: 0}
  m_PrefabInstance: {fileID: 0}
  m_PrefabAsset: {fileID: 0}
  m_GameObject: {fileID: 1959391339473206}
  m_Enabled: 1
  m_EditorHideFlags: 0
  m_Script: {fileID: 11500000, guid: 5155711e2dc7e9e4eb1e87bbfe20354d, type: 3}
  m_Name: 
  m_EditorClassIdentifier: 
  prefabPanelImagenFondoVentanaObscura: {fileID: 1782527810967950, guid: ee688f6c8690b344a822e106be0393ca,
    type: 3}
--- !u!222 &222241159621281486
CanvasRenderer:
  m_ObjectHideFlags: 0
  m_CorrespondingSourceObject: {fileID: 0}
  m_PrefabInstance: {fileID: 0}
  m_PrefabAsset: {fileID: 0}
  m_GameObject: {fileID: 1959391339473206}
  m_CullTransparentMesh: 0
--- !u!114 &114714614253460776
MonoBehaviour:
  m_ObjectHideFlags: 0
  m_CorrespondingSourceObject: {fileID: 0}
  m_PrefabInstance: {fileID: 0}
  m_PrefabAsset: {fileID: 0}
  m_GameObject: {fileID: 1959391339473206}
  m_Enabled: 1
  m_EditorHideFlags: 0
  m_Script: {fileID: -765806418, guid: f70555f144d8491a825f0804e09c671c, type: 3}
  m_Name: 
  m_EditorClassIdentifier: 
  m_Material: {fileID: 0}
  m_Color: {r: 1, g: 1, b: 1, a: 1}
  m_RaycastTarget: 1
  m_OnCullStateChanged:
    m_PersistentCalls:
      m_Calls: []
    m_TypeName: UnityEngine.UI.MaskableGraphic+CullStateChangedEvent, UnityEngine.UI,
      Version=1.0.0.0, Culture=neutral, PublicKeyToken=null
  m_Sprite: {fileID: 21300012, guid: 1411ad9b2451db34cbde2d7367324aab, type: 3}
  m_Type: 1
  m_PreserveAspect: 0
  m_FillCenter: 1
  m_FillMethod: 4
  m_FillAmount: 1
  m_FillClockwise: 1
  m_FillOrigin: 0
  m_UseSpriteMesh: 0
--- !u!1001 &9151735520236400195
PrefabInstance:
  m_ObjectHideFlags: 0
  serializedVersion: 2
  m_Modification:
    m_TransformParent: {fileID: 224309598949049010}
    m_Modifications:
    - target: {fileID: 8932597792369756807, guid: 8081bfd0aa4d9494083ddfc528c8d888,
        type: 3}
      propertyPath: m_Name
      value: TextGray
      objectReference: {fileID: 0}
    - target: {fileID: 8714039593413528915, guid: 8081bfd0aa4d9494083ddfc528c8d888,
        type: 3}
      propertyPath: m_LocalPosition.x
      value: 0
      objectReference: {fileID: 0}
    - target: {fileID: 8714039593413528915, guid: 8081bfd0aa4d9494083ddfc528c8d888,
        type: 3}
      propertyPath: m_LocalPosition.y
      value: 0
      objectReference: {fileID: 0}
    - target: {fileID: 8714039593413528915, guid: 8081bfd0aa4d9494083ddfc528c8d888,
        type: 3}
      propertyPath: m_LocalPosition.z
      value: 0
      objectReference: {fileID: 0}
    - target: {fileID: 8714039593413528915, guid: 8081bfd0aa4d9494083ddfc528c8d888,
        type: 3}
      propertyPath: m_LocalRotation.x
      value: -0
      objectReference: {fileID: 0}
    - target: {fileID: 8714039593413528915, guid: 8081bfd0aa4d9494083ddfc528c8d888,
        type: 3}
      propertyPath: m_LocalRotation.y
      value: -0
      objectReference: {fileID: 0}
    - target: {fileID: 8714039593413528915, guid: 8081bfd0aa4d9494083ddfc528c8d888,
        type: 3}
      propertyPath: m_LocalRotation.z
      value: -0
      objectReference: {fileID: 0}
    - target: {fileID: 8714039593413528915, guid: 8081bfd0aa4d9494083ddfc528c8d888,
        type: 3}
      propertyPath: m_LocalRotation.w
      value: 1
      objectReference: {fileID: 0}
    - target: {fileID: 8714039593413528915, guid: 8081bfd0aa4d9494083ddfc528c8d888,
        type: 3}
      propertyPath: m_RootOrder
      value: 0
      objectReference: {fileID: 0}
    - target: {fileID: 8714039593413528915, guid: 8081bfd0aa4d9494083ddfc528c8d888,
        type: 3}
      propertyPath: m_LocalEulerAnglesHint.x
      value: 0
      objectReference: {fileID: 0}
    - target: {fileID: 8714039593413528915, guid: 8081bfd0aa4d9494083ddfc528c8d888,
        type: 3}
      propertyPath: m_LocalEulerAnglesHint.y
      value: 0
      objectReference: {fileID: 0}
    - target: {fileID: 8714039593413528915, guid: 8081bfd0aa4d9494083ddfc528c8d888,
        type: 3}
      propertyPath: m_LocalEulerAnglesHint.z
      value: 0
      objectReference: {fileID: 0}
    - target: {fileID: 8714039593413528915, guid: 8081bfd0aa4d9494083ddfc528c8d888,
        type: 3}
      propertyPath: m_AnchoredPosition.x
      value: 0
      objectReference: {fileID: 0}
    - target: {fileID: 8714039593413528915, guid: 8081bfd0aa4d9494083ddfc528c8d888,
        type: 3}
      propertyPath: m_AnchoredPosition.y
      value: 0
      objectReference: {fileID: 0}
    - target: {fileID: 8714039593413528915, guid: 8081bfd0aa4d9494083ddfc528c8d888,
        type: 3}
      propertyPath: m_SizeDelta.x
      value: -70
      objectReference: {fileID: 0}
    - target: {fileID: 8714039593413528915, guid: 8081bfd0aa4d9494083ddfc528c8d888,
        type: 3}
      propertyPath: m_SizeDelta.y
      value: 0
      objectReference: {fileID: 0}
    - target: {fileID: 8714039593413528915, guid: 8081bfd0aa4d9494083ddfc528c8d888,
        type: 3}
      propertyPath: m_AnchorMin.x
      value: 0
      objectReference: {fileID: 0}
    - target: {fileID: 8714039593413528915, guid: 8081bfd0aa4d9494083ddfc528c8d888,
        type: 3}
      propertyPath: m_AnchorMin.y
      value: 0.5
      objectReference: {fileID: 0}
    - target: {fileID: 8714039593413528915, guid: 8081bfd0aa4d9494083ddfc528c8d888,
        type: 3}
      propertyPath: m_AnchorMax.x
      value: 1
      objectReference: {fileID: 0}
    - target: {fileID: 8714039593413528915, guid: 8081bfd0aa4d9494083ddfc528c8d888,
        type: 3}
      propertyPath: m_AnchorMax.y
      value: 0.5
      objectReference: {fileID: 0}
    - target: {fileID: 8714039593413528915, guid: 8081bfd0aa4d9494083ddfc528c8d888,
        type: 3}
      propertyPath: m_Pivot.x
      value: 0.5
      objectReference: {fileID: 0}
    - target: {fileID: 8714039593413528915, guid: 8081bfd0aa4d9494083ddfc528c8d888,
        type: 3}
      propertyPath: m_Pivot.y
      value: 0.5
      objectReference: {fileID: 0}
    - target: {fileID: 6021833785074250138, guid: 8081bfd0aa4d9494083ddfc528c8d888,
        type: 3}
      propertyPath: m_textInfo.lineCount
      value: 5
      objectReference: {fileID: 0}
    m_RemovedComponents:
    - {fileID: 8819607831996561015, guid: 8081bfd0aa4d9494083ddfc528c8d888, type: 3}
  m_SourcePrefab: {fileID: 100100000, guid: 8081bfd0aa4d9494083ddfc528c8d888, type: 3}
--- !u!224 &571678018021991184 stripped
RectTransform:
  m_CorrespondingSourceObject: {fileID: 8714039593413528915, guid: 8081bfd0aa4d9494083ddfc528c8d888,
    type: 3}
  m_PrefabInstance: {fileID: 9151735520236400195}
  m_PrefabAsset: {fileID: 0}
